<?xml version="1.0" encoding="UTF-8"?><collection xmlns="http://www.loc.gov/MARC21/slim"><record><leader>00372nam--2200121-i-4500</leader><controlfield tag="001">000045442</controlfield><controlfield tag="002">20161230</controlfield><controlfield tag="005">20161230201045</controlfield><controlfield tag="008">060222s1000------------r-----000-0-eng-d</controlfield><datafield ind1=" " ind2=" " tag="080"><subfield code="a">621.74.045</subfield></datafield><datafield ind1=" " ind2=" " tag="245"><subfield code="a">Tehnica moderna a confectionarii formelor si miezurilor pentru turnarea de precizie a pieselor mijlocii si mari</subfield></datafield><datafield ind1=" " ind2=" " tag="260"><subfield code="a">Bucuresti, Idt, 1957. 85 P.Lito</subfield></datafield><datafield ind1=" " ind2=" " tag="852"><subfield code="a">492</subfield></datafield></record></collection>